@phdthesis{Rivera-rios2014,
author = {{Rivera Rios}, Aixa},
file = {:home/gudni/Dropbox/Paper/02whole.pdf:pdf},
pages = {2012},
school = {The University of Adelaide},
title = {{Multi-order Vector Finite Element Modelling of 3D Magnetotelluric Data including complex geometry and anisotropic earth}},
year = {2014}
}
